<record><leader>00000cas a22000007a 4500</leader><controlfield tag="001">14204395</controlfield><controlfield tag="008">860911d18971901pauwr ne      0    0eng  </controlfield><datafield ind1=" " ind2=" " tag="010"><subfield code="a">sn 86071907 </subfield></datafield><datafield ind1=" " ind2=" " tag="040"><subfield code="a">DLC</subfield><subfield code="b">eng</subfield><subfield code="c">DLC</subfield><subfield code="d">OCLCQ</subfield></datafield><datafield ind1=" " ind2=" " tag="042"><subfield code="a">msc</subfield></datafield><datafield ind1="0" ind2="0" tag="050"><subfield code="a">Newspaper 9467</subfield></datafield><datafield ind1="0" ind2=" " tag="130"><subfield code="a">Independent (McKee's Rocks, Pa.)</subfield></datafield><datafield ind1="1" ind2="4" tag="245"><subfield code="a">The independent.</subfield></datafield><datafield ind1=" " ind2=" " tag="260"><subfield code="a">McKee's Rocks, Pa. :</subfield><subfield code="b">Indpendent Pub. Co.</subfield></datafield><datafield ind1=" " ind2=" " tag="300"><subfield code="a">v. :</subfield><subfield code="b">ill. (chiefly advertisements) ;</subfield><subfield code="c">42 cm.</subfield></datafield><datafield ind1=" " ind2=" " tag="310"><subfield code="a">Weekly</subfield></datafield><datafield ind1="1" ind2=" " tag="362"><subfield code="a">Began in 1897; ceased in 1901?</subfield><subfield code="z">Cf. Rossell, G.E. Penn. newspapers.</subfield></datafield><datafield ind1=" " ind2=" " tag="588"><subfield code="a">Description based on: Vol. 2, no. 45 (July 28, 1899).</subfield></datafield><datafield ind1=" " ind2=" " tag="752"><subfield code="a">United States</subfield><subfield code="b">Pennsylvania</subfield><subfield code="c">Alleghaney</subfield><subfield code="d">McKee's Rocks.</subfield></datafield><datafield ind1="1" ind2=" " tag="029"><subfield code="a">AU@</subfield><subfield code="b">000025794072</subfield></datafield></record>